@misc {
	Django2014,
	url = "https://www.djangoproject.com/",
	author = "{Django Software Foundation}",
	title = "The Web framework for perfectionists with deadlines",
	year = 2014
}
